@inproceedings{LASS,
  author = {Mahajan, Sachit and Wu, Wei-Lin and Tsai, Tzu-Chieh and Chen, Ling-Jyh},
  title = {Design and Implementation of IoT-enabled Personal Air Quality Assistant on Instant Messenger},
  booktitle = {Proceedings of the 10th International Conference on Management of Digital EcoSystems},
  series = {MEDES '18},
  year = {2018},
  isbn = {978-1-4503-5622-0},
  location = {Tokyo, Japan},
  pages = {165--170},
  numpages = {6},
  acmid = {3281398},
  publisher = {ACM},
  address = {New York, NY, USA},
}

@inproceedings{digitaltwin,
  author = {Borodulin, Kirill and Radchenko, Gleb and Shestakov, Aleksandr and Sokolinsky, Leonid and Tchernykh, Andrey and Prodan, Radu},
  title = {Towards Digital Twins Cloud Platform: Microservices and Computational Workflows to Rule a Smart Factory},
  booktitle = {Proceedings of the10th International Conference on Utility and Cloud Computing},
  series = {UCC '17},
  year = {2017},
  isbn = {978-1-4503-5149-2},
  location = {Austin, Texas, USA},
  pages = {209--210},
  numpages = {2},
  acmid = {3149234},
  publisher = {ACM},
  address = {New York, NY, USA},
}

@inproceedings{AutonomousDriving,
  author={Shao-Hua {Wang} and Sheng-Wen {Cheng} and Ching-Chun (Jim) {Huang}},
  title="Puyuma: Linux-Based RTOS Experimental Platform for Constructing Self-driving Miniature Vehicles",
  booktitle="Intelligent Computing",
  year="2019",
  publisher="Springer International Publishing",
  pages="985--994",
  isbn="978-3-030-01174-1"
}

@article{TPA,
  title = "External integrity verification for outsourced big data in cloud and IoT: A big picture",
  journal = "Future Generation Computer Systems",
  volume = "49",
  pages = "58 - 67",
  year = "2015",
  issn = "0167-739X",
  doi = "https://doi.org/10.1016/j.future.2014.08.007",
  url = "http://www.sciencedirect.com/science/article/pii/S0167739X14001551",
  author = "Chang Liu and Chi Yang and Xuyun Zhang and Jinjun Chen",
}

@inproceedings{DIaas,
  Author = {B. {Liu} and X. L. {Yu} and S. {Chen} and X. {Xu} and L. {Zhu}},
  title = {Blockchain based Data Integrity Service Framework for IoT data},
  booktitle = {IEEE 24th International Conference on Web Services},
  year = {2017},
  pages = {3--17},
  numpages = {15},
  publisher = {Springer},
  address = {Berlin, DE},
}

@misc{IOTAwhitepaper,
  Author = {S. Popov.},
  title = {Iota whitepaper. Technical White Paper},
  howpublished= {\url{https://iota.org/IOTA_Whitepaper.pdf}},
  urldate = {2018-04-30}
}

@misc{MAM,
  title = {Masked Authenticated Messaging},
  howpublished= {\url{https://blog.iota.org/introducing-masked-authenticated-messaging-e55c1822d50e}},
  urldate = {2017-11-05}
}

@misc{MAMSpec,
  title = {Masked Authenticated Messaging Version 2 Protocol},
  howpublished= {\url{https://github.com/iotaledger/entangled/blob/develop/mam/spec.pdf}},
  urldate = {2019-03-07}
}

@article{MAMDescription,
  title = "Authenticating Health Activity Data Using Distributed Ledger Technologies",
  journal = "Computational and Structural Biotechnology Journal",
  volume = "16",
  pages = "257 - 266",
  year = "2018",
  doi = "https://doi.org/10.1016/j.csbj.2018.06.004",
  url = "https://www.sciencedirect.com/science/article/pii/S2001037018300345",
  author = "James Brogan, Immanuel Baskaran, Navin Ramachandrana",
}

@misc{IOTAIdustryMarketplace,
  title = {IOTA Industry Marketplace},
  howpublished= {\url{https://industry.iota.org/}},
}

@inproceedings{3tierDataMarket,
  Author = {Pooja Gupta, Salil S. Kanhere, Raja Jurdak},
  title = {A Decentralized IoT Data Marketplace},
  year = {2019},
  Eprint = {1906.01799},
  Eprinttype = {arXiv},
}

@article{IPFS,
  author = {Benet, Juan},
  year = {2014},
  month = {07},
  pages = {},
  title = {IPFS - Content Addressed, Versioned, P2P File System},
}

@misc{smartContract,
  title = {A Next-Generation Smart Contract and Decentralized Application Platform},
  howpublished= {\url{https://github.com/ethereum/wiki/wiki/White-Paper}},
}

@misc{TangleID,
  title = {TangleID},
  howpublished= {\url{https://tangleid.github.io}},
}

@misc{DID,
  title = {Decentralized Identifiers (DIDs) v1.0},
  howpublished= {\url{https://w3c-ccg.github.io/did-spec/}},
}

@inproceedings{GDPR,
  Author = {Ching-Chun (Jim) {Huang} and Zih-shiuan (Spin) {Yuan}},
  title = {Privacy Implication and Technical Requirements Toward GDPR Compliance},
  year = {2019},
  pages = {353--367}
  booktitle = {Proceedings of the Future Technologies Conference},
  isbn = {978-3-030-32522-0},
  publisher = {Springer, Cham},
}

@inproceedings{blindSig,
  Author = {David Chaum},
  title = {Advances in Cryptology Proceedings of Crypto},
  year = {1983},
}

@inproceedings{cryptoNote,
Author = {Ron Rivest},
title = {Lecture Notes 15 : Voting, Homomorphic Encryption},
year = {2002},
}

@article{UtilityStruct,
  Author = {Dusit Niyato and Dinh Thai Hoang and Nguyen Cong Luong and Ping Wang and Dong In Kim and Zhu Han},
  title = {Smart data pricing models for the internet of things: a bundling strategy approach},
  journal = {IEEE Network},
  year = {2016},
  pages = {18--25},
  publisher = {IEEE},
}

@article{SurveyBigDataPricing,
  Author = {Fan Liang and Wei Yu and Dou An and Qingyu Yang and Xinwen Fu and Wei Zhao},
  title = {A Survey on Big Data Market: Pricing, Trading and Protection},
  journal = {IEEE Access},
  year = {2018},
  pages = {15132--15154},
  publisher = {IEEE},
}

@article{DataPrice,
  Author = {Ashraf E. Al-Fagih and Fadi M. Al-Turjman and Waleed M. Alsalih and Hossam S. Hassanein},
  title = {A Priced Public Sensing Framework for Heterogeneous IoT Architectures},
  journal = {IEEE Transactions on Emerging Topics in Computing},
  year = {2013},
  pages = {133--147},
  publisher = {IEEE},
}

@inproceedings{BigPicDataMarket,
  author = {F. {Liang} and W. {Yu} and D. {An} and Q. {Yang} and X. {Fu} and W. {Zhao}},
  title = {A Survey on Big Data Market: Pricing, Trading and Protection},
  journal = {IEEE Access (Volume 6.)},
  year = {2018},
  pages = {15132--15154},
  numpages = {23},
  publisher = {IEEE},
}

@misc{Ethereum,
  author = {Gavin Wood},
  title = {Ethereum: A secure decentralised generalised transaction ledger EIP-150 REVISION (759dccd - 2017-08-07)},
  journal = {Ethereum Project Yellow Paper},
  year = {2017},
  howpublished= {\url{https://ethereum.github.io/yellowpaper/paper.pdf}},
}

@article{Hashcash,
  title={Hashcash - a denial of service counter-measure},
  author={Back, Adam},
  year={2002}
}

@inproceedings{Snark,
  author = {Bitansky, Nir and Canetti, Ran and Chiesa, Alessandro and Tromer, Eran},
  title = {From Extractable Collision Resistance to Succinct Non-interactive Arguments of Knowledge, and Back Again},
  booktitle = {Proceedings of the 3rd Innovations in Theoretical Computer Science Conference},
  series = {ITCS '12},
  year = {2012},
  isbn = {978-1-4503-1115-1},
  location = {Cambridge, Massachusetts},
  pages = {326--349},
  numpages = {24},
  url = {http://doi.acm.org/10.1145/2090236.2090263},
  doi = {10.1145/2090236.2090263},
  acmid = {2090263},
  publisher = {ACM},
  address = {New York, NY, USA},
} 

@inproceedings{Medrec,
  author={A. {Azaria} and A. {Ekblaw} and T. {Vieira} and A. {Lippman}},
  booktitle={2016 2nd International Conference on Open and Big Data (OBD)},
  title={MedRec: Using Blockchain for Medical Data Access and Permission Management},
  year={2016},
  pages={25-30},
  doi={10.1109/OBD.2016.11},
  month={Aug},
}

@misc{Entangled,
  title = {Masked Authenticated Messaging, entangled},
  howpublished= {\url{https://github.com/iotaledger/entangled/tree/develop/mam}},
}

@article{MSS,
  title={Merkle signature schemes, merkle trees and their cryptanalysis},
  author={Becker, Georg},
  journal={Ruhr-University Bochum, Tech. Rep},
  year={2008}
}

@misc{SmartGridPrivacy,
  title = {Privacy Issues Related to Smart Grid Technologies},
  author = {Megan J. Hertzler},
  howpublished = {\url{https://www.splunk.com/en_us/blog/security/smart-grid-data-the-wild-west-of-privacy-rights.html}},
}

@misc{TA,
  title = {Tangle-accelerator},
  howpublished= {\url{https://github.com/DLTcollab/tangle-accelerator}},
}
